@misc{SahanaEden,
	title = {Sahana Eden Foundation Website},
	howpublished = {\url{https://eden.sahanafoundation.org/}},
	note = {Accessed: 2024-12-16}
}
@misc{FloodForecastingBangladesh,
	title = {Flood Forecasting and Warning Center},
	howpublished = {\url{http://www.ffwc.gov.bd/}},
	note = {Accessed: 2024-12-16}
}

@misc{  SahanaGitHub,
	title = {Sahana GitHub Repository},
	howpublished = {\url{https://github.com/sahana}},
	note = {Accessed: 2024-12-16}
}